[gd_scene load_steps=8 format=3 uid="uid://coardlkv30ykf"]

[ext_resource type="Script" path="res://ui/fighter_stats.gd" id="1_idxs1"]
[ext_resource type="Script" path="res://ui/circular_health.gd" id="2_tn41b"]
[ext_resource type="Script" path="res://ui/health_bar.gd" id="3_rhl5u"]
[ext_resource type="Script" path="res://ui/tooltip_area.gd" id="4_00elx"]

[sub_resource type="StyleBoxFlat" id="StyleBoxFlat_c4yq3"]
content_margin_left = 16.0
content_margin_top = 8.0
content_margin_right = 16.0
content_margin_bottom = 8.0
bg_color = Color(0.478431, 0.478431, 0.478431, 1)
border_width_left = 1
border_width_top = 1
border_width_right = 1
border_width_bottom = 1
corner_radius_top_left = 5
corner_radius_top_right = 5
corner_radius_bottom_right = 5
corner_radius_bottom_left = 5
corner_detail = 11

[sub_resource type="Gradient" id="Gradient_bkks6"]
offsets = PackedFloat32Array(0, 0.5, 1)
colors = PackedColorArray(1, 0, 0, 1, 1, 0.9375, 0, 1, 0, 1, 0, 1)

[sub_resource type="Gradient" id="Gradient_wbqwp"]
offsets = PackedFloat32Array(0, 0.5, 1)
colors = PackedColorArray(1, 0, 0, 1, 1, 0.9375, 0, 1, 0, 1, 0, 1)

[node name="fighter_stats" type="PanelContainer"]
anchors_preset = -1
anchor_right = 1.0
anchor_bottom = 0.957031
offset_right = -1086.0
offset_bottom = -530.0
grow_horizontal = 2
grow_vertical = 2
theme_override_styles/panel = SubResource("StyleBoxFlat_c4yq3")
script = ExtResource("1_idxs1")
metadata/_edit_use_anchors_ = true

[node name="VBoxContainer" type="VBoxContainer" parent="."]
layout_mode = 2
theme_override_constants/separation = 8

[node name="FighterName" type="Label" parent="VBoxContainer"]
layout_mode = 2
theme_override_font_sizes/font_size = 24
text = "Fighter Name"

[node name="HBoxContainer" type="HBoxContainer" parent="VBoxContainer"]
layout_mode = 2

[node name="VBoxContainer" type="VBoxContainer" parent="VBoxContainer/HBoxContainer"]
layout_mode = 2

[node name="Consiousness" type="Control" parent="VBoxContainer/HBoxContainer/VBoxContainer"]
unique_name_in_owner = true
custom_minimum_size = Vector2(80, 65)
layout_mode = 2
script = ExtResource("2_tn41b")
value = 1.0
bar_thickness = 18
bar_color = Color(0, 0.764706, 0, 1)
damaged_bar_color = Color(1, 0, 0, 0.313726)
background_color = Color(0, 0, 0, 0.196078)

[node name="TooltipArea" type="Control" parent="VBoxContainer/HBoxContainer/VBoxContainer/Consiousness"]
layout_mode = 1
anchors_preset = 15
anchor_right = 1.0
anchor_bottom = 1.0
grow_horizontal = 2
grow_vertical = 2
mouse_filter = 1
script = ExtResource("4_00elx")
title = "Consciousness"
show_value = true
max_value = 100
descrption = "If this reaches zero, the character falls unconsious."

[node name="ConsciousnessLabel" type="Label" parent="VBoxContainer/HBoxContainer/VBoxContainer"]
unique_name_in_owner = true
custom_minimum_size = Vector2(0, 40)
layout_mode = 2
theme_override_colors/font_color = Color(0, 0, 0, 1)
theme_override_colors/font_outline_color = Color(1, 0, 0, 1)
theme_override_font_sizes/font_size = 12
horizontal_alignment = 1

[node name="TooltipArea" type="Control" parent="VBoxContainer/HBoxContainer/VBoxContainer/ConsciousnessLabel"]
layout_mode = 1
anchors_preset = 15
anchor_right = 1.0
anchor_bottom = 1.0
grow_horizontal = 2
grow_vertical = 2
mouse_filter = 1
script = ExtResource("4_00elx")
title = "Consciousness"

[node name="VBoxContainer2" type="VBoxContainer" parent="VBoxContainer/HBoxContainer"]
layout_mode = 2

[node name="Stamina" type="Control" parent="VBoxContainer/HBoxContainer/VBoxContainer2"]
unique_name_in_owner = true
custom_minimum_size = Vector2(80, 65)
layout_mode = 2
script = ExtResource("2_tn41b")
value = 1.0
bar_thickness = 18
bar_color = Color(0.129412, 0.290196, 0.635294, 1)
damaged_bar_color = Color(1, 0, 0, 0.313726)
background_color = Color(0, 0, 0, 0.196078)

[node name="TooltipArea" type="Control" parent="VBoxContainer/HBoxContainer/VBoxContainer2/Stamina"]
layout_mode = 1
anchors_preset = 15
anchor_right = 1.0
anchor_bottom = 1.0
grow_horizontal = 2
grow_vertical = 2
mouse_filter = 1
script = ExtResource("4_00elx")
title = "Stamina"
show_value = true
max_value = 100
descrption = "If this reaches zero, the character becomes exhausted."

[node name="StaminaLabel" type="Label" parent="VBoxContainer/HBoxContainer/VBoxContainer2"]
unique_name_in_owner = true
custom_minimum_size = Vector2(0, 40)
layout_mode = 2
theme_override_colors/font_color = Color(0, 0, 0, 1)
theme_override_colors/font_outline_color = Color(1, 0, 0, 1)
theme_override_font_sizes/font_size = 12
horizontal_alignment = 1

[node name="TooltipArea" type="Control" parent="VBoxContainer/HBoxContainer/VBoxContainer2/StaminaLabel"]
layout_mode = 1
anchors_preset = 15
anchor_right = 1.0
anchor_bottom = 1.0
grow_horizontal = 2
grow_vertical = 2
mouse_filter = 1
script = ExtResource("4_00elx")
title = "Consciousness"

[node name="VBoxContainer3" type="VBoxContainer" parent="VBoxContainer/HBoxContainer"]
layout_mode = 2

[node name="Pain" type="Control" parent="VBoxContainer/HBoxContainer/VBoxContainer3"]
unique_name_in_owner = true
custom_minimum_size = Vector2(80, 65)
layout_mode = 2
script = ExtResource("2_tn41b")
reversed = true
bar_thickness = 18
bar_color = Color(1, 0.431373, 0.168627, 1)
damaged_bar_color = Color(1, 0, 0, 0.313726)
background_color = Color(0, 0, 0, 0.196078)

[node name="TooltipArea" type="Control" parent="VBoxContainer/HBoxContainer/VBoxContainer3/Pain"]
layout_mode = 1
anchors_preset = 15
anchor_right = 1.0
anchor_bottom = 1.0
grow_horizontal = 2
grow_vertical = 2
mouse_filter = 1
script = ExtResource("4_00elx")
title = "Testicular Pain"
show_value = true
max_value = 100
descrption = "If this reaches 100, the character enters a state of agony."

[node name="PainLabel" type="Label" parent="VBoxContainer/HBoxContainer/VBoxContainer3"]
unique_name_in_owner = true
custom_minimum_size = Vector2(0, 40)
layout_mode = 2
theme_override_colors/font_color = Color(0, 0, 0, 1)
theme_override_colors/font_outline_color = Color(1, 0, 0, 1)
theme_override_font_sizes/font_size = 12
horizontal_alignment = 1

[node name="TooltipArea" type="Control" parent="VBoxContainer/HBoxContainer/VBoxContainer3/PainLabel"]
layout_mode = 1
anchors_preset = 15
anchor_right = 1.0
anchor_bottom = 1.0
grow_horizontal = 2
grow_vertical = 2
mouse_filter = 1
script = ExtResource("4_00elx")
title = "Consciousness"

[node name="HBoxContainer2" type="HBoxContainer" parent="VBoxContainer"]
layout_mode = 2
theme_override_constants/separation = 4

[node name="Label" type="Label" parent="VBoxContainer/HBoxContainer2"]
layout_mode = 2
text = "L"

[node name="LeftGonad" type="Control" parent="VBoxContainer/HBoxContainer2"]
unique_name_in_owner = true
layout_mode = 2
size_flags_horizontal = 3
script = ExtResource("3_rhl5u")
value = 1.0
flipped = true
bar_color_gradient = SubResource("Gradient_bkks6")
damaged_bar_color = Color(1, 0, 0, 0.313726)
background_color = Color(0, 0, 0, 0.196078)

[node name="TooltipArea" type="Control" parent="VBoxContainer/HBoxContainer2/LeftGonad"]
layout_mode = 1
anchors_preset = 15
anchor_right = 1.0
anchor_bottom = 1.0
offset_left = -17.0
grow_horizontal = 2
grow_vertical = 2
mouse_filter = 1
script = ExtResource("4_00elx")
title = "Left testicle health"
show_value = true
max_value = 100
descrption = "Health points for the character's left testicle.
If this reaches zero, the testicle is destroyed."

[node name="RightGonad" type="Control" parent="VBoxContainer/HBoxContainer2"]
unique_name_in_owner = true
layout_mode = 2
size_flags_horizontal = 3
script = ExtResource("3_rhl5u")
value = 1.0
bar_color_gradient = SubResource("Gradient_wbqwp")
damaged_bar_color = Color(1, 0, 0, 0.313726)
background_color = Color(0, 0, 0, 0.196078)

[node name="TooltipArea" type="Control" parent="VBoxContainer/HBoxContainer2/RightGonad"]
layout_mode = 1
anchors_preset = 15
anchor_right = 1.0
anchor_bottom = 1.0
offset_right = 20.0
grow_horizontal = 2
grow_vertical = 2
mouse_filter = 1
script = ExtResource("4_00elx")
title = "Right testicle health"
show_value = true
max_value = 100
descrption = "Health points for the character's right testicle.
If this reaches zero, the testicle is destroyed."

[node name="Label2" type="Label" parent="VBoxContainer/HBoxContainer2"]
layout_mode = 2
text = "R"
